@ARTICLE{Evoli2021prd,
       author = {{Evoli}, Carmelo and {Amato}, Elena and {Blasi}, Pasquale and {Aloisio}, Roberto},
        title = "{Galactic factories of cosmic-ray electrons and positrons}",
      journal = {\prd},
     keywords = {Astrophysics - High Energy Astrophysical Phenomena},
         year = 2021,
        month = apr,
       volume = {103},
       number = {8},
          eid = {083010},
        pages = {083010},
          doi = {10.1103/PhysRevD.103.083010},
archivePrefix = {arXiv},
       eprint = {2010.11955},
 primaryClass = {astro-ph.HE},
       adsurl = {https://ui.adsabs.harvard.edu/abs/2021PhRvD.103h3010E},
      adsnote = {Provided by the SAO/NASA Astrophysics Data System}
}

@ARTICLE{Ahlers2018ppnp,
       author = {{Ahlers}, Markus and {Halzen}, Francis},
        title = "{Opening a new window onto the universe with IceCube}",
      journal = {Progress in Particle and Nuclear Physics},
     keywords = {Neutrino astronomy, Multimessenger astronomy, Neutrino sources, Astrophysics - High Energy Astrophysical Phenomena, High Energy Physics - Phenomenology},
         year = 2018,
        month = sep,
       volume = {102},
        pages = {73-88},
          doi = {10.1016/j.ppnp.2018.05.001},
archivePrefix = {arXiv},
       eprint = {1805.11112},
 primaryClass = {astro-ph.HE},
       adsurl = {https://ui.adsabs.harvard.edu/abs/2018PrPNP.102...73A},
      adsnote = {Provided by the SAO/NASA Astrophysics Data System}
}

@ARTICLE{Ackermann2013sci,
       author = {{Ackermann}, M. and {Ajello}, M. and {Allafort}, A. and {Baldini}, L. and {Ballet}, J. and {Barbiellini}, G. and {Baring}, M.~G. and {Bastieri}, D. and {Bechtol}, K. and {Bellazzini}, R. and {Blandford}, R.~D. and {Bloom}, E.~D. and {Bonamente}, E. and {Borgland}, A.~W. and {Bottacini}, E. and {Brandt}, T.~J. and {Bregeon}, J. and {Brigida}, M. and {Bruel}, P. and {Buehler}, R. and {Busetto}, G. and {Buson}, S. and {Caliandro}, G.~A. and {Cameron}, R.~A. and {Caraveo}, P.~A. and {Casandjian}, J.~M. and {Cecchi}, C. and {{\c{C}}elik}, {\"O}. and {Charles}, E. and {Chaty}, S. and {Chaves}, R.~C.~G. and {Chekhtman}, A. and {Cheung}, C.~C. and {Chiang}, J. and {Chiaro}, G. and {Cillis}, A.~N. and {Ciprini}, S. and {Claus}, R. and {Cohen-Tanugi}, J. and {Cominsky}, L.~R. and {Conrad}, J. and {Corbel}, S. and {Cutini}, S. and {D'Ammando}, F. and {de Angelis}, A. and {de Palma}, F. and {Dermer}, C.~D. and {do Couto e Silva}, E. and {Drell}, P.~S. and {Drlica-Wagner}, A. and {Falletti}, L. and {Favuzzi}, C. and {Ferrara}, E.~C. and {Franckowiak}, A. and {Fukazawa}, Y. and {Funk}, S. and {Fusco}, P. and {Gargano}, F. and {Germani}, S. and {Giglietto}, N. and {Giommi}, P. and {Giordano}, F. and {Giroletti}, M. and {Glanzman}, T. and {Godfrey}, G. and {Grenier}, I.~A. and {Grondin}, M. -H. and {Grove}, J.~E. and {Guiriec}, S. and {Hadasch}, D. and {Hanabata}, Y. and {Harding}, A.~K. and {Hayashida}, M. and {Hayashi}, K. and {Hays}, E. and {Hewitt}, J.~W. and {Hill}, A.~B. and {Hughes}, R.~E. and {Jackson}, M.~S. and {Jogler}, T. and {J{\'o}hannesson}, G. and {Johnson}, A.~S. and {Kamae}, T. and {Kataoka}, J. and {Katsuta}, J. and {Kn{\"o}dlseder}, J. and {Kuss}, M. and {Lande}, J. and {Larsson}, S. and {Latronico}, L. and {Lemoine-Goumard}, M. and {Longo}, F. and {Loparco}, F. and {Lovellette}, M.~N. and {Lubrano}, P. and {Madejski}, G.~M. and {Massaro}, F. and {Mayer}, M. and {Mazziotta}, M.~N. and {McEnery}, J.~E. and {Mehault}, J. and {Michelson}, P.~F. and {Mignani}, R.~P. and {Mitthumsiri}, W. and {Mizuno}, T. and {Moiseev}, A.~A. and {Monzani}, M.~E. and {Morselli}, A. and {Moskalenko}, I.~V. and {Murgia}, S. and {Nakamori}, T. and {Nemmen}, R. and {Nuss}, E. and {Ohno}, M. and {Ohsugi}, T. and {Omodei}, N. and {Orienti}, M. and {Orlando}, E. and {Ormes}, J.~F. and {Paneque}, D. and {Perkins}, J.~S. and {Pesce-Rollins}, M. and {Piron}, F. and {Pivato}, G. and {Rain{\`o}}, S. and {Rando}, R. and {Razzano}, M. and {Razzaque}, S. and {Reimer}, A. and {Reimer}, O. and {Ritz}, S. and {Romoli}, C. and {S{\'a}nchez-Conde}, M. and {Schulz}, A. and {Sgr{\`o}}, C. and {Simeon}, P.~E. and {Siskind}, E.~J. and {Smith}, D.~A. and {Spandre}, G. and {Spinelli}, P. and {Stecker}, F.~W. and {Strong}, A.~W. and {Suson}, D.~J. and {Tajima}, H. and {Takahashi}, H. and {Takahashi}, T. and {Tanaka}, T. and {Thayer}, J.~G. and {Thayer}, J.~B. and {Thompson}, D.~J. and {Thorsett}, S.~E. and {Tibaldo}, L. and {Tibolla}, O. and {Tinivella}, M. and {Troja}, E. and {Uchiyama}, Y. and {Usher}, T.~L. and {Vandenbroucke}, J. and {Vasileiou}, V. and {Vianello}, G. and {Vitale}, V. and {Waite}, A.~P. and {Werner}, M. and {Winer}, B.~L. and {Wood}, K.~S. and {Wood}, M. and {Yamazaki}, R. and {Yang}, Z. and {Zimmer}, S.},
        title = "{Detection of the Characteristic Pion-Decay Signature in Supernova Remnants}",
      journal = {Science},
     keywords = {ASTRONOMY Astronomy, Physics, Materials-Science, Astrophysics - High Energy Astrophysical Phenomena, Astrophysics - Galaxy Astrophysics},
         year = 2013,
        month = feb,
       volume = {339},
       number = {6121},
        pages = {807-811},
          doi = {10.1126/science.1231160},
archivePrefix = {arXiv},
       eprint = {1302.3307},
 primaryClass = {astro-ph.HE},
       adsurl = {https://ui.adsabs.harvard.edu/abs/2013Sci...339..807A},
      adsnote = {Provided by the SAO/NASA Astrophysics Data System}
}

@ARTICLE{HESS2013aa,
       author = {{H.~E.~S.~S. Collaboration} and {Abramowski}, A. and {Acero}, F. and {Aharonian}, F. and {Akhperjanian}, A.~G. and {Anton}, G. and {Balenderan}, S. and {Balzer}, A. and {Barnacka}, A. and {Becherini}, Y. and {Becker Tjus}, J. and {Bernl{\"o}hr}, K. and {Birsin}, E. and {Biteau}, J. and {Bochow}, A. and {Boisson}, C. and {Bolmont}, J. and {Bordas}, P. and {Brucker}, J. and {Brun}, F. and {Brun}, P. and {Bulik}, T. and {Carrigan}, S. and {Casanova}, S. and {Cerruti}, M. and {Chadwick}, P.~M. and {Charbonnier}, A. and {Chaves}, R.~C.~G. and {Cheesebrough}, A. and {Cologna}, G. and {Conrad}, J. and {Couturier}, C. and {Dalton}, M. and {Daniel}, M.~K. and {Davids}, I.~D. and {Degrange}, B. and {Deil}, C. and {deWilt}, P. and {Dickinson}, H.~J. and {Djannati-Ata{\"\i}}, A. and {Domainko}, W. and {O'C. Drury}, L. and {Dubus}, G. and {Dutson}, K. and {Dyks}, J. and {Dyrda}, M. and {Egberts}, K. and {Eger}, P. and {Espigat}, P. and {Fallon}, L. and {Farnier}, C. and {Fegan}, S. and {Feinstein}, F. and {Fernandes}, M.~V. and {Fernandez}, D. and {Fiasson}, A. and {Fontaine}, G. and {F{\"o}rster}, A. and {F{\"u}{\ss}ling}, M. and {Gajdus}, M. and {Gallant}, Y.~A. and {Garrigoux}, T. and {Gast}, H. and {Giebels}, B. and {Glicenstein}, J.~F. and {Gl{\"u}ck}, B. and {G{\"o}ring}, D. and {Grondin}, M. -H. and {H{\"a}ffner}, S. and {Hague}, J.~D. and {Hahn}, J. and {Hampf}, D. and {Harris}, J. and {Heinz}, S. and {Heinzelmann}, G. and {Henri}, G. and {Hermann}, G. and {Hillert}, A. and {Hinton}, J.~A. and {Hofmann}, W. and {Hofverberg}, P. and {Holler}, M. and {Horns}, D. and {Jacholkowska}, A. and {Jahn}, C. and {Jamrozy}, M. and {Jung}, I. and {Kastendieck}, M.~A. and {Katarzy{\'n}ski}, K. and {Katz}, U. and {Kaufmann}, S. and {Kh{\'e}lifi}, B. and {Klochkov}, D. and {Klu{\'z}niak}, W. and {Kneiske}, T. and {Komin}, Nu. and {Kosack}, K. and {Kossakowski}, R. and {Krayzel}, F. and {Laffon}, H. and {Lamanna}, G. and {Lenain}, J. -P. and {Lennarz}, D. and {Lohse}, T. and {Lopatin}, A. and {Lu}, C. -C. and {Marandon}, V. and {Marcowith}, A. and {Masbou}, J. and {Maurin}, G. and {Maxted}, N. and {Mayer}, M. and {McComb}, T.~J.~L. and {Medina}, M.~C. and {M{\'e}hault}, J. and {Menzler}, U. and {Moderski}, R. and {Mohamed}, M. and {Moulin}, E. and {Naumann}, C.~L. and {Naumann-Godo}, M. and {de Naurois}, M. and {Nedbal}, D. and {Nguyen}, N. and {Niemiec}, J. and {Nolan}, S.~J. and {Ohm}, S. and {de O{\~n}a Wilhelmi}, E. and {Opitz}, B. and {Ostrowski}, M. and {Oya}, I. and {Panter}, M. and {Parsons}, D. and {Paz Arribas}, M. and {Pekeur}, N.~W. and {Pelletier}, G. and {Perez}, J. and {Petrucci}, P. -O. and {Peyaud}, B. and {Pita}, S. and {P{\"u}hlhofer}, G. and {Punch}, M. and {Quirrenbach}, A. and {Raue}, M. and {Reimer}, A. and {Reimer}, O. and {Renaud}, M. and {de los Reyes}, R. and {Rieger}, F. and {Ripken}, J. and {Rob}, L. and {Rosier-Lees}, S. and {Rowell}, G. and {Rudak}, B. and {Rulten}, C.~B. and {Sahakian}, V. and {Sanchez}, D.~A. and {Santangelo}, A. and {Schlickeiser}, R. and {Schulz}, A. and {Schwanke}, U. and {Schwarzburg}, S. and {Schwemmer}, S. and {Sheidaei}, F. and {Skilton}, J.~L. and {Sol}, H. and {Spengler}, G. and {Stawarz}, {\L}. and {Steenkamp}, R. and {Stegmann}, C. and {Stinzing}, F. and {Stycz}, K. and {Sushch}, I. and {Szostek}, A. and {Tavernet}, J. -P. and {Terrier}, R. and {Tluczykont}, M. and {Valerius}, K. and {van Eldik}, C. and {Vasileiadis}, G. and {Venter}, C. and {Viana}, A. and {Vincent}, P. and {V{\"o}lk}, H.~J. and {Volpe}, F. and {Vorobiov}, S. and {Vorster}, M. and {Wagner}, S.~J. and {Ward}, M. and {White}, R. and {Wierzcholska}, A. and {Wouters}, D. and {Zacharias}, M. and {Zajczyk}, A. and {Zdziarski}, A.~A. and {Zech}, A. and {Zechlin}, H. -S.},
        title = "{Measurement of the extragalactic background light imprint on the spectra of the brightest blazars observed with H.E.S.S.}",
      journal = {\aap},
     keywords = {gamma rays: galaxies, cosmic background radiation, BL Lacertae objects: general, Astrophysics - High Energy Astrophysical Phenomena, Astrophysics - Cosmology and Nongalactic Astrophysics},
         year = 2013,
        month = feb,
       volume = {550},
          eid = {A4},
        pages = {A4},
          doi = {10.1051/0004-6361/201220355},
archivePrefix = {arXiv},
       eprint = {1212.3409},
 primaryClass = {astro-ph.HE},
       adsurl = {https://ui.adsabs.harvard.edu/abs/2013A&A...550A...4H},
      adsnote = {Provided by the SAO/NASA Astrophysics Data System}
}

@ARTICLE{Norbury2009nimpb,
       author = {{Norbury}, John W.},
        title = "{Total cross section parameterizations for pion production in nucleon-nucleon collisions}",
      journal = {Nuclear Instruments and Methods in Physics Research B},
         year = 2009,
        month = apr,
       volume = {267},
       number = {7},
        pages = {1209-1212},
          doi = {10.1016/j.nimb.2009.02.067},
       adsurl = {https://ui.adsabs.harvard.edu/abs/2009NIMPB.267.1209N},
      adsnote = {Provided by the SAO/NASA Astrophysics Data System}
}

@ARTICLE{Kelner2006prd,
       author = {{Kelner}, S.~R. and {Aharonian}, F.~A. and {Bugayov}, V.~V.},
        title = "{Energy spectra of gamma rays, electrons, and neutrinos produced at proton-proton interactions in the very high energy regime}",
      journal = {\prd},
     keywords = {13.75.Cs, 13.20.Cz, 13.60.Hb, 14.60.-z, Nucleon-nucleon interactions, Decays of pi mesons, Total and inclusive cross sections, Leptons, Astrophysics},
         year = 2006,
        month = aug,
       volume = {74},
       number = {3},
          eid = {034018},
        pages = {034018},
          doi = {10.1103/PhysRevD.74.034018},
archivePrefix = {arXiv},
       eprint = {astro-ph/0606058},
 primaryClass = {astro-ph},
       adsurl = {https://ui.adsabs.harvard.edu/abs/2006PhRvD..74c4018K},
      adsnote = {Provided by the SAO/NASA Astrophysics Data System}
}

@ARTICLE{Cavasinni2006aph,
       author = {{Cavasinni}, Vincenzo and {Grasso}, Dario and {Maccione}, Luca},
        title = "{TeV neutrinos from supernova remnants embedded in giant molecular clouds}",
      journal = {Astroparticle Physics},
     keywords = {Astrophysics},
         year = 2006,
        month = aug,
       volume = {26},
       number = {1},
        pages = {41-49},
          doi = {10.1016/j.astropartphys.2006.04.009},
archivePrefix = {arXiv},
       eprint = {astro-ph/0604004},
 primaryClass = {astro-ph},
       adsurl = {https://ui.adsabs.harvard.edu/abs/2006APh....26...41C},
      adsnote = {Provided by the SAO/NASA Astrophysics Data System}
}

@ARTICLE{Moskalenko1998apj,
       author = {{Moskalenko}, I.~V. and {Strong}, A.~W.},
        title = "{Production and Propagation of Cosmic-Ray Positrons and Electrons}",
      journal = {\apj},
     keywords = {ACCELERATION OF PARTICLES, ISM: COSMIC RAYS, DIFFUSION, ELEMENTARY PARTICLES, GALAXY: HALO, GAMMA RAYS: THEORY, ISM: ABUNDANCES, Acceleration of Particles, ISM: Cosmic Rays, Diffusion, Elementary Particles, Galaxy: Halo, Gamma Rays: Theory, ISM: Abundances, Astrophysics},
         year = 1998,
        month = jan,
       volume = {493},
       number = {2},
        pages = {694-707},
          doi = {10.1086/305152},
archivePrefix = {arXiv},
       eprint = {astro-ph/9710124},
 primaryClass = {astro-ph},
       adsurl = {https://ui.adsabs.harvard.edu/abs/1998ApJ...493..694M},
      adsnote = {Provided by the SAO/NASA Astrophysics Data System}
}

@ARTICLE{Letaw1983apjs,
       author = {{Letaw}, J.~R. and {Silberberg}, R. and {Tsao}, C.~H.},
        title = "{Proton-nucleus total inelastic cross sections - an empirical formula for E greater than 10 MeV}",
      journal = {\apjs},
     keywords = {Formulas (Mathematics), High Energy Interactions, Inelastic Collisions, Nuclei (Nuclear Physics), Proton Scattering, Scattering Cross Sections, Beryllium, Helium, Space Radiation},
         year = 1983,
        month = mar,
       volume = {51},
        pages = {271-275},
          doi = {10.1086/190849},
       adsurl = {https://ui.adsabs.harvard.edu/abs/1983ApJS...51..271L},
      adsnote = {Provided by the SAO/NASA Astrophysics Data System}
}

